<?xml version="1.0" encoding="UTF-8"?><collection xmlns="http://www.loc.gov/MARC21/slim"><record><leader>00428nam--2200157-i-4500</leader><controlfield tag="001">000043565</controlfield><controlfield tag="002">20161230</controlfield><controlfield tag="005">20161230201044</controlfield><controlfield tag="008">060222s1000------------r-----000-0-eng-d</controlfield><datafield ind1=" " ind2=" " tag="080"><subfield code="a">517.53</subfield></datafield><datafield ind1=" " ind2=" " tag="100"><subfield code="a">Tall,D.O</subfield></datafield><datafield ind1=" " ind2=" " tag="245"><subfield code="a">FUNCTIONS OF A COMPLEX VARIABLE Vol. II</subfield></datafield><datafield ind1=" " ind2=" " tag="260"><subfield code="a">London, Routledge &amp; Kegan Paul Ltd, 1970. Vii + 72p</subfield></datafield><datafield ind1=" " ind2=" " tag="490"><subfield code="a">Library Of Mathematics</subfield></datafield><datafield ind1=" " ind2=" " tag="852"><subfield code="a">35070</subfield><subfield code="c">517.53</subfield></datafield><datafield ind1=" " ind2=" " tag="CAT"><subfield code="a">Sys</subfield><subfield code="c">20080819</subfield><subfield code="h">131826</subfield></datafield></record></collection>